<?xml version="1.0" encoding="UTF-8"?><record xmlns="http://www.loc.gov/MARC21/slim" xmlns:cinclude="http://apache.org/cocoon/include/1.0" xmlns:zs="http://www.loc.gov/zing/srw/">
  <leader>00415nz  a2200133n  4500</leader>
  <controlfield tag="001">no2006039661</controlfield>
  <controlfield tag="003">DLC</controlfield>
  <controlfield tag="005">20060420051823.0</controlfield>
  <controlfield tag="008">060419n| acannaabn          |n aaa     c</controlfield>
  <datafield tag="010" ind1=" " ind2=" ">
    <subfield code="a">no2006039661</subfield>
  </datafield>
  <datafield tag="035" ind1=" " ind2=" ">
    <subfield code="a">(OCoLC)oca06914833</subfield>
  </datafield>
  <datafield tag="040" ind1=" " ind2=" ">
    <subfield code="a">SG-SiILA</subfield>
    <subfield code="b">eng</subfield>
    <subfield code="c">SG-SiILA</subfield>
  </datafield>
  <datafield tag="100" ind1="1" ind2=" ">
    <subfield code="a">Pal̲an̲iccāmi, Vai.</subfield>
  </datafield>
  <datafield tag="670" ind1=" " ind2=" ">
    <subfield code="a">Centamil̲c cor̲pir̲appiyal pērakaramutali, 1997:</subfield>
    <subfield code="b">v. 1, pt. 3, t.p. (Vai. Pal̲an̲iccāmi; editor)</subfield>
  </datafield>
</record>